@InProceedings{manning:2014,
  author    = {Manning, Christopher D. and  Surdeanu, Mihai  and  Bauer, John  and  Finkel, Jenny  and  Bethard, Steven J. and  McClosky, David},
  title     = {The {Stanford} {CoreNLP} Natural Language Processing Toolkit},
  booktitle = {Association for Computational Linguistics (ACL) System Demonstrations},
  year      = {2014},
  pages     = {55--60},
}

@Article{apertium:2011,
author="Forcada, Mikel L.
and Ginest{\'i}-Rosell, Mireia
and Nordfalk, Jacob
and O'Regan, Jim
and Ortiz-Rojas, Sergio
and P{\'e}rez-Ortiz, Juan Antonio
and S{\'a}nchez-Mart{\'i}nez, Felipe
and Ram{\'i}rez-S{\'a}nchez, Gema
and Tyers, Francis M.",
title="Apertium: a free/open-source platform for rule-based machine translation",
journal="Machine Translation",
year="2011",
month="Jun",
day="01",
volume="25",
number="2",
pages="127--144",
issn="1573-0573",
doi="10.1007/s10590-011-9090-0",
}


@inproceedings{neuralmonkey:2018,
booktitle = {The 13th Conference of The Association for Machine Translation in the Americas, Vol. 1: {MT} Researchers’ Track},
title = {Neural Monkey: The Current State and Beyond},
editor = {Graham Neubig and Colin Cherry},
author = {Jind{\v{r}}ich Helcl and Jind{\v{r}}ich Libovick{\'{y}} and Tom Kocmi and Tom{\'{a}}{\v{s}} Musil and Ond{\v{r}}ej C{\'{i}}fka and Du{\v{s}}an Vari{\v{s}} and Ond{\v{r}}ej Bojar},
year = {2018},
publisher = {The Association for Machine Translation in the Americas},
organization = {The Association for Machine Translation in the Americas},
address = {Stroudsburg, {PA}, {USA}},
venue = {The Aloft Boston Seaport},
pages = {168--176},
}

@inproceedings{europarl,
  address = {Phuket, Thailand},
  author = {Koehn, Philipp},
  booktitle = {{Conference Proceedings: the tenth Machine Translation Summit}},
  organization = {AAMT},
  pages = {79--86},
  publisher = {AAMT},
  title = {{Europarl: A Parallel Corpus for Statistical Machine Translation}},
  year = 2005
}

@InProceedings{bpe,
  author = 	"Sennrich, Rico
		and Haddow, Barry
		and Birch, Alexandra",
  title = 	"Neural Machine Translation of Rare Words with Subword Units",
  booktitle = 	"Proceedings of the 54th Annual Meeting of the Association for      Computational Linguistics (Volume 1: Long Papers)    ",
  year = 	"2016",
  publisher = 	"Association for Computational Linguistics",
  pages = 	"1715--1725",
  location = 	"Berlin, Germany",
  doi = 	"10.18653/v1/P16-1162",
}

@inproceedings{tectomt:2010,
booktitle = {Lecture Notes in Artificial Intelligence, Proceedings of the 7th International Conference on Advances in Natural Language Processing (Ice{TAL} 2010)},
series = {Lecture Notes in Computer Science},
title = {Tecto{MT}: Modular {NLP} Framework},
editor = {Hrafn Loftsson and Eirikur R{\"{o}}gnvaldsson and Sigrun Helgadottir},
author = {Martin Popel and Zden{\v{e}}k {\v{Z}}abokrtsk{\'{y}}},
year = {2010},
publisher = {Springer},
organization = {Iceland Centre for Language Technology ({ICLT})},
address = {Berlin / Heidelberg},
venue = {Reykjavik University},
HIDEseries = {{LNCS}},
volume = {6233},
pages = {293--304},
isbn = {978-3-642-14769-2},
issn = {0302-9743},
}

@article{zhang:2018,
  title={Language Modeling Teaches You More Syntax than Translation Does: Lessons Learned Through Auxiliary Task Analysis},
  author={Kelly W. Zhang and Samuel R. Bowman},
  journal={CoRR},
  year={2018},
  volume={abs/1809.10040}
}

@article{adi:2016,
  title={Fine-grained Analysis of Sentence Embeddings Using Auxiliary Prediction Tasks},
  author={Yossi Adi and Einat Kermany and Yonatan Belinkov and Ofer Lavi and Yoav Goldberg},
  journal={CoRR},
  year={2016},
  volume={abs/1608.04207}
}

@article{ney:1991,
 author = {Ney, Hermann},
 title = {Dynamic Programming Parsing for Context-free Grammars in Continuous Speech Recognition},
 journal = {Trans. Sig. Proc.},
 issue_date = {February 1991},
 volume = {39},
 number = {2},
 month = feb,
 year = {1991},
 issn = {1053-587X},
 pages = {336--340},
 numpages = {5},
 url = {https://doi.org/10.1109/78.80816},
 doi = {10.1109/78.80816},
 acmid = {2203575},
 publisher = {IEEE Press},
 address = {Piscataway, NJ, USA},
} 

@article{chuliu,
  Title                    = {On shortest arborescence of a directed graph},
  Author                   = {Chu, Yoeng-Jin and Liu, Tseng-Hong},
  Journal                  = {Scientia Sinica},
  Year                     = {1965},
  Number                   = {10},
  Pages                    = {1396},
  Volume                   = {14},
  Publisher                = {Science Press 16 DONGHUANGCHENGGEN NORTH ST, BEIJING 100717, PEOPLES R CHINA}
}

@InProceedings{tang:2018,
  author = 	"Tang, Gongbo
		and M{\"u}ller, Mathias
		and Rios, Annette
		and Sennrich, Rico",
  title = 	"Why Self-Attention? A Targeted Evaluation of Neural Machine Translation Architectures",
  booktitle = 	"Proceedings of the 2018 Conference on Empirical Methods in Natural Language Processing",
  year = 	"2018",
  publisher = 	"Association for Computational Linguistics",
  pages = 	"4263--4272",
  location = 	"Brussels, Belgium",
  url = 	"http://aclweb.org/anthology/D18-1458"
}


@article{kruskal,
  title={On the shortest spanning subtree of a graph and the traveling salesman problem},
  author={Kruskal, Joseph B},
  journal={Proceedings of the American Mathematical society},
  volume={7},
  number={1},
  pages={48--50},
  year={1956},
  publisher={JSTOR}
}

@InCollection{pdt,
  Title                    = {The {P}rague dependency treebank},
  Author                   = {B{\"o}hmov{\'a}, Alena and Haji{\v{c}}, Jan and Haji{\v{c}}ov{\'a}, Eva and Hladk{\'a}, Barbora},
  Booktitle                = {Treebanks},
  Publisher                = {Springer},
  Year                     = {2003},
  Pages                    = {103--127}
}

@article{linzen2016assessing,
	Author = {Linzen, Tal and Dupoux, Emmanuel and Goldberg, Yoav},
	Journal = {Transactions of the Association for Computational Linguistics},
	Title = {Assessing the ability of {LSTMs} to learn syntax-sensitive dependencies},
    Volume = {4},
    Pages = {521--535},
	Year = {2016}
}

@inproceedings{ marecek:blackbox2018,
booktitle = {Proceedings of the First Workshop on Analyzing and Interpreting Neural Networks for {NLP}},
title = {Extracting Syntactic Trees from Transformer Encoder Self-Attentions},
author = {David Mare{\v{c}}ek and Rudolf Rosa},
year = {2018},
publisher = {The Assotiation of Computational Linguistics},
address = {Stroudsburg, {PA}, {USA}},
venue = {Brussels, Belgium},
pages = {347--349},
isbn = {978-1-948087-71-1},
}


@InProceedings{raganato:2018,
  author = 	"Raganato, Alessandro
		and Tiedemann, J{\"o}rg",
  title = 	"An Analysis of Encoder Representations in Transformer-Based Machine Translation",
  booktitle = 	"Proceedings of the 2018 EMNLP Workshop BlackboxNLP: Analyzing and Interpreting Neural Networks for NLP",
  year = 	"2018",
  publisher = 	"Association for Computational Linguistics",
  pages = 	"287--297",
  location = 	"Brussels, Belgium",
  url = 	"http://aclweb.org/anthology/W18-5431"
}


@article{ahmed:2017,
  title={Weighted Transformer Network for Machine Translation},
  author={Karim Ahmed and Nitish Shirish Keskar and Richard Socher},
  journal={CoRR},
  year={2017},
  volume={abs/1711.02132}
}

@inproceedings{shi:padhi:knight:2016,
  author    = {Xing Shi and Inkit Padhi and Kevin Knight},
  title     = {Does String-Based Neural {MT} Learn Source Syntax?},
  booktitle = {EMNLP},
  pages     = {1526--1534},
  year      = {2016},
}

@inproceedings{ud,
  author    = {Nivre, Joakim and de Marneffe, Marie-Catherine and Ginter, Filip and Goldberg, Yoav and Haji{\v{c}}, Jan and Manning, Christopher and McDonald, Ryan and Petrov, Slav and Pyysalo, Sampo and Silveira, Natalia and Tsarfaty, Reut and Zeman, Daniel},
  year      = {2016},
  title     = {{Universal Dependencies} v1: A Multilingual Treebank Collection},
  booktitle = {Proceedings of the 10th International Conference on Language Resources and Evaluation ({LREC} 2016)},
  address   = {Portorož, Slovenia},
  publisher = {European Language Resources Association},
  pages     = {1659--1666},
  isbn      = {978-2-9517408-9-1}
}

@InProceedings{blevins-levy-zettlemoyer:2018,
  author    = {Blevins, Terra  and  Levy, Omer  and  Zettlemoyer, Luke},
  title     = {Deep {RNN}s Encode Soft Hierarchical Syntax},
  booktitle = {Proceedings of the 56th Annual Meeting of the Association for Computational Linguistics (Volume 2: Short Papers)},
  month     = {July},
  year      = {2018},
  address   = {Melbourne, Australia},
  publisher = {Association for Computational Linguistics},
  pages     = {14--19},
  url       = {http://www.aclweb.org/anthology/P18-2003}
}

@incollection{vaswani2017attention,
  title = {Attention is All you Need},
  author = {Vaswani, Ashish and Shazeer, Noam and Parmar, Niki and Uszkoreit, Jakob and Jones, Llion and Gomez, Aidan N and Kaiser, Lukasz and Polosukhin, Illia},
  booktitle = {Advances in Neural Information Processing Systems 30},
  editor = {I. Guyon and U. V. Luxburg and S. Bengio and H. Wallach and R. Fergus and S. Vishwanathan and R. Garnett},
  pages = {6000--6010},
  year = {2017},
  publisher = {Curran Associates, Inc.},
  url = {http://papers.nips.cc/paper/7181-attention-is-all-you-need.pdf}
}

@article{neuralmonkey,
    author = {Jind{\v{r}}ich Helcl and Jind{\v{r}}ich Libovick{\'{y}}},
    title = {{N}eural {M}onkey: {A}n Open-source Tool for Sequence Learning},
    journal = {The Prague Bulletin of Mathematical Linguistics},
    year = {2017},
    address = {Prague, Czech Republic},
    number = {107},
    pages = {5--17},
    issn = {0032-6585},
    doi = {10.1515/pralin-2017-0001},
    url = {http://ufal.mff.cuni.cz/pbml/107/art-helcl-libovicky.pdf}
}

@article{ptb,
 author = {Marcus, Mitchell P. and Marcinkiewicz, Mary Ann and Santorini, Beatrice},
 title = {Building a Large Annotated Corpus of {E}nglish: The {P}enn Treebank},
 journal = {Comput. Linguist.},
 issue_date = {June 1993},
 volume = {19},
 number = {2},
 month = jun,
 year = {1993},
 issn = {0891-2017},
 pages = {313--330},
 numpages = {18},
 url = {http://dl.acm.org/citation.cfm?id=972470.972475},
 acmid = {972475},
 publisher = {MIT Press},
 address = {Cambridge, MA, USA},
}

@inproceedings{bod:2006,
 author = {Bod, Rens},
 title = {An All-subtrees Approach to Unsupervised Parsing},
 booktitle = {Proceedings of the 21st International Conference on Computational Linguistics and the 44th Annual Meeting of the Association for Computational Linguistics},
 series = {ACL-44},
 year = {2006},
 location = {Sydney, Australia},
 pages = {865--872},
 numpages = {8},
 url = {https://doi.org/10.3115/1220175.1220284},
 doi = {10.3115/1220175.1220284},
 acmid = {1220284},
 publisher = {Association for Computational Linguistics},
 address = {Stroudsburg, PA, USA},
}

@article{klein:2005,
 author = {Klein, Dan and Manning, Christopher D.},
 title = {Natural Language Grammar Induction with a Generative Constituent-context Model},
 journal = {Pattern Recogn.},
 issue_date = {September, 2005},
 volume = {38},
 number = {9},
 month = sep,
 year = {2005},
 issn = {0031-3203},
 pages = {1407--1419},
 numpages = {13},
 url = {http://dx.doi.org/10.1016/j.patcog.2004.03.023},
 doi = {10.1016/j.patcog.2004.03.023},
 acmid = {1746604},
 publisher = {Elsevier Science Inc.},
 address = {New York, NY, USA},
 keywords = {Distributional clustering, Grammar induction, Natural language, Structure learning, Unsupervised learning},
}

@inproceedings{parseval,
  title = "Evaluating syntax performance of parser/grammars",
  author = "Philip Harrison and Steven Abney and Ezra Black and Dan Flickinger and Claudia Gdaniec and   Ralph Grishman and Donald Hindle and Robert Ingria and Mitch Marcus and Beatrice Santorini and Tomek Strzalkowski",
  year = "1991",
  language = "English (US)",
  series = "Rome Laboratory Technical Report, RL-TR-91-362",
  booktitle = "Proceedings of the Natural Language Processing Systems Evaluation Workshop, Berekely, CA, June 1991",
}

@InProceedings{dyer:2016,
  author    = {Dyer, Chris  and  Kuncoro, Adhiguna  and  Ballesteros, Miguel  and  Smith, Noah A.},
  title     = {Recurrent Neural Network Grammars},
  booktitle = {Proceedings of the 2016 Conference of the North American Chapter of the Association for Computational Linguistics: Human Language Technologies},
  month     = {June},
  year      = {2016},
  address   = {San Diego, California},
  publisher = {Association for Computational Linguistics},
  pages     = {199--209},
  url       = {http://www.aclweb.org/anthology/N16-1024}
}


@book{Aho:72,
    author  = {Alfred V. Aho and Jeffrey D. Ullman},
    title   = {The Theory of Parsing, Translation and Compiling},
    year    = "1972",
    volume  = "1",
    publisher = {Prentice-Hall},
    address = {Englewood Cliffs, NJ}
}

@book{APA:83,
    author  = {{American Psychological Association}},
    title   = {Publications Manual},
    year    = "1983",
   publisher = {American Psychological Association},
   address = {Washington, DC}
}

@article{ACM:83,
	author = {Association for Computing Machinery},
	year = "1983",
	journal = {Computing Reviews},
	volume = "24",
	number = "11",
	pages = "503--512"
}

@article{Chandra:81,
	author = {Ashok K. Chandra and Dexter C. Kozen and Larry J. Stockmeyer},
	year = "1981",
	title = {Alternation},
	journal = {Journal of the Association for Computing Machinery},
	volume = "28",
	number = "1",
	pages = "114--133",
	doi = "10.1145/322234.322243",
}

@inproceedings{andrew2007scalable,
  title={Scalable training of {L1}-regularized log-linear models},
  author={Andrew, Galen and Gao, Jianfeng},
  booktitle={Proceedings of the 24th International Conference on Machine Learning},
  pages={33--40},
  year={2007},
}

@book{Gusfield:97,
    author  = {Dan Gusfield},
    title   = {Algorithms on Strings, Trees and Sequences},
    year    = "1997",
    publisher = {Cambridge University Press},
    address = {Cambridge, UK}
}

@inproceedings{borsch2011,
	Address = {Canberra, Australia},
	Author = {Benjamin Borschinger and Mark Johnson},
	Booktitle = {Proceedings of the Australasian Language Technology Association Workshop 2011},
	Month = {December},
	Pages = {10--18},
	Title = {A Particle Filter algorithm for {B}ayesian Wordsegmentation},
	Year = {2011}}

@article{rasooli-tetrault-2015,
    author    = {Mohammad Sadegh Rasooli and Joel R. Tetreault},
    title     = {Yara Parser: {A} Fast and Accurate Dependency Parser},
    journal   = {Computing Research Repository},
    volume    = {arXiv:1503.06733},
    year      = {2015},
    url       = {http://arxiv.org/abs/1503.06733},
    note    = {version 2}
}

@article{Ando2005,
	Acmid = {1194905},
	Author = {Ando, Rie Kubota and Zhang, Tong},
	Issn = {1532-4435},
	Issue_Date = {12/1/2005},
	Journal = {Journal of Machine Learning Research},
	Month = dec,
	Numpages = {37},
	Pages = {1817--1853},
	Publisher = {JMLR.org},
	Title = {A Framework for Learning Predictive Structures from Multiple Tasks and Unlabeled Data},
	Volume = {6},
	Year = {2005}}

@InProceedings{P16-1001,
  author =	"Goodman, James
  	 and Vlachos, Andreas
	     and Naradowsky, Jason",
  title =    "Noise reduction and targeted exploration in imitation learning for      Abstract Meaning Representation parsing    ",
  booktitle = 	    "Proceedings of the 54th Annual Meeting of the Association for      Computational Linguistics (Volume 1: Long Papers)    ",
  year =    "2016",
  publisher =	"Association for Computational Linguistics",
  pages =   "1--11",
  location =	"Berlin, Germany",
  doi =    "10.18653/v1/P16-1001",
  url =    "http://aclweb.org/anthology/P16-1001"
}

@InProceedings{C14-1001,
  author =	"Harper, Mary",
  title = 	"Learning from 26 Languages: Program Management and Science in the Babel Program",
  booktitle = 	"Proceedings of COLING 2014, the 25th International Conference on Computational Linguistics: Technical Papers",
  year =    "2014",
  publisher =	"Dublin City University and Association for Computational Linguistics",
  pages =   "1",
  location =	"Dublin, Ireland",
  url =    "http://aclweb.org/anthology/C14-1001"
}

@inproceedings{negra,
Title = {Syntactic Annotation of a German Newspaper Corpus},
Author = {Wojciech Skut and Hans Uszkoreit and Thorsten Brants},
BookTitle = {ATALA sur le Corpus Annotés pour la Syntaxe Treebanks, June 18-19},
Year = {1999},
Publisher = {o.A.},
Pages = {69-76},
Address = {Paris, France}
}

@article{penntb,
  title={Building a large annotated corpus of English: The Penn Treebank},
  author={Marcus, Mitchell P and Marcinkiewicz, Mary Ann and Santorini, Beatrice},
  journal={Computational linguistics},
  volume={19},
  number={2},
  pages={313--330},
  year={1993},
  publisher={MIT Press}
}

@incollection{ftb,
  title={Building a treebank for French},
  author={Abeill{\'e}, Anne and Cl{\'e}ment, Lionel and Toussenel, Fran{\c{c}}ois},
  booktitle={Treebanks},
  pages={165--187},
  year={2003},
  publisher={Springer}
}

@inproceedings{stanfordparser,
  title={Fast exact inference with a factored model for natural language parsing},
  author={Klein, Dan and Manning, Christopher D},
  booktitle={Advances in neural information processing systems},
  pages={3--10},
  year={2003}
}

@inproceedings{hewitt:2019,
    author= {John Hewitt and Christopher D. Manning},
    title = {{Structural Probe for Finding Syntax in Word Representations}},
    booktitle= {Proceedings of NAACL 2019},
    year={2019}
}

@phdthesis{belinkov:phd:2018,
    title={{On Internal Language Representations in Deep Learning: An Analysis of Machine Translation and Speech Recognition}},
    author={Yonatan Belinkov},
    school={Massachusetts Institute of Technology},
    year={2018}
}

@article{bert,
  author    = {Jacob Devlin and
               Ming{-}Wei Chang and
               Kenton Lee and
               Kristina Toutanova},
  title     = {{BERT:} Pre-training of Deep Bidirectional Transformers for Language
               Understanding},
  journal   = {CoRR},
  volume    = {abs/1810.04805},
  year      = {2018},
  url       = {http://arxiv.org/abs/1810.04805},
  archivePrefix = {arXiv},
  eprint    = {1810.04805},
  timestamp = {Tue, 30 Oct 2018 20:39:56 +0100},
}

@article{elmo,
  title={Deep contextualized word representations},
  author={Peters, Matthew E and Neumann, Mark and Iyyer, Mohit and Gardner, Matt and Clark, Christopher and Lee, Kenton and Zettlemoyer, Luke},
  journal={arXiv preprint arXiv:1802.05365},
  year={2018}
}

@article{belinkov:survey,
  author    = {Yonatan Belinkov and
               James Glass},
  title     = {Analysis Methods in Neural Language Processing: {A} Survey},
  journal   = {CoRR},
  volume    = {abs/1812.08951},
  year      = {2018},
  url       = {http://arxiv.org/abs/1812.08951},
  archivePrefix = {arXiv},
  eprint    = {1812.08951},
  timestamp = {Wed, 02 Jan 2019 14:40:18 +0100},
  biburl    = {https://dblp.org/rec/bib/journals/corr/abs-1812-08951},
  bibsource = {dblp computer science bibliography, https://dblp.org}
}

@article{belinkov:2019,
  author    = {Nelson F. Liu and
               Matt Gardner and
               Yonatan Belinkov and
               Matthew Peters and
               Noah A. Smith},
  title     = {Linguistic Knowledge and Transferability of Contextual Representations},
  journal   = {CoRR},
  volume    = {abs/1903.08855},
  year      = {2019},
  url       = {http://arxiv.org/abs/1903.08855},
  archivePrefix = {arXiv},
  eprint    = {1903.08855},
  timestamp = {Mon, 01 Apr 2019 14:07:37 +0200},
  biburl    = {https://dblp.org/rec/bib/journals/corr/abs-1903-08855},
  bibsource = {dblp computer science bibliography, https://dblp.org}
}

@article{belinkov:2018,
  author    = {Yonatan Belinkov and
               Llu{\'{\i}}s M{\`{a}}rquez and
               Hassan Sajjad and
               Nadir Durrani and
               Fahim Dalvi and
               James R. Glass},
  title     = {Evaluating Layers of Representation in Neural Machine Translation
               on Part-of-Speech and Semantic Tagging Tasks},
  journal   = {CoRR},
  volume    = {abs/1801.07772},
  year      = {2018},
  url       = {http://arxiv.org/abs/1801.07772},
  archivePrefix = {arXiv},
  eprint    = {1801.07772},
  timestamp = {Mon, 13 Aug 2018 16:48:15 +0200},
  biburl    = {https://dblp.org/rec/bib/journals/corr/abs-1801-07772},
  bibsource = {dblp computer science bibliography, https://dblp.org}
}
